%YAML 1.1
%TAG !u! tag:unity3d.com,2011:
--- !u!1 &260929050
GameObject:
  m_ObjectHideFlags: 0
  m_CorrespondingSourceObject: {fileID: 0}
  m_PrefabInstance: {fileID: 0}
  m_PrefabAsset: {fileID: 0}
  serializedVersion: 6
  m_Component:
  - component: {fileID: 260929051}
  m_Layer: 0
  m_Name: Turret Right
  m_TagString: Enemy
  m_Icon: {fileID: 0}
  m_NavMeshLayer: 0
  m_StaticEditorFlags: 0
  m_IsActive: 1
--- !u!4 &260929051
Transform:
  m_ObjectHideFlags: 0
  m_CorrespondingSourceObject: {fileID: 0}
  m_PrefabInstance: {fileID: 0}
  m_PrefabAsset: {fileID: 0}
  m_GameObject: {fileID: 260929050}
  m_LocalRotation: {x: -0, y: -0, z: -0, w: 1}
  m_LocalPosition: {x: 0, y: 0, z: 0}
  m_LocalScale: {x: 1, y: 1, z: 1}
  m_Children:
  - {fileID: 6411531199464336173}
  - {fileID: 6411531197574396963}
  m_Father: {fileID: 1979456993}
  m_RootOrder: 1
  m_LocalEulerAnglesHint: {x: 0, y: 0, z: 0}
--- !u!1 &1469323798
GameObject:
  m_ObjectHideFlags: 0
  m_CorrespondingSourceObject: {fileID: 0}
  m_PrefabInstance: {fileID: 0}
  m_PrefabAsset: {fileID: 0}
  serializedVersion: 6
  m_Component:
  - component: {fileID: 1469323799}
  m_Layer: 0
  m_Name: Turret Left
  m_TagString: Enemy
  m_Icon: {fileID: 0}
  m_NavMeshLayer: 0
  m_StaticEditorFlags: 0
  m_IsActive: 1
--- !u!4 &1469323799
Transform:
  m_ObjectHideFlags: 0
  m_CorrespondingSourceObject: {fileID: 0}
  m_PrefabInstance: {fileID: 0}
  m_PrefabAsset: {fileID: 0}
  m_GameObject: {fileID: 1469323798}
  m_LocalRotation: {x: -0.49999928, y: -0.49999928, z: 0.5000007, w: 0.5000007}
  m_LocalPosition: {x: -105.62921, y: 13.462563, z: -5.817627}
  m_LocalScale: {x: 1, y: 1, z: 1}
  m_Children:
  - {fileID: 6411531198094394284}
  - {fileID: 6411531198697200183}
  m_Father: {fileID: 1979456993}
  m_RootOrder: 0
  m_LocalEulerAnglesHint: {x: 0, y: 0, z: 0}
--- !u!1 &1979456992
GameObject:
  m_ObjectHideFlags: 0
  m_CorrespondingSourceObject: {fileID: 0}
  m_PrefabInstance: {fileID: 0}
  m_PrefabAsset: {fileID: 0}
  serializedVersion: 6
  m_Component:
  - component: {fileID: 1979456993}
  m_Layer: 0
  m_Name: Turrets
  m_TagString: Enemy
  m_Icon: {fileID: 0}
  m_NavMeshLayer: 0
  m_StaticEditorFlags: 0
  m_IsActive: 1
--- !u!4 &1979456993
Transform:
  m_ObjectHideFlags: 0
  m_CorrespondingSourceObject: {fileID: 0}
  m_PrefabInstance: {fileID: 0}
  m_PrefabAsset: {fileID: 0}
  m_GameObject: {fileID: 1979456992}
  m_LocalRotation: {x: -0, y: 0.70710576, z: -0, w: 0.70710784}
  m_LocalPosition: {x: 0.81796265, y: -15.962563, z: -115.62921}
  m_LocalScale: {x: 1, y: 1, z: 1}
  m_Children:
  - {fileID: 1469323799}
  - {fileID: 260929051}
  - {fileID: 2062903517}
  m_Father: {fileID: 6877257056318846014}
  m_RootOrder: 5
  m_LocalEulerAnglesHint: {x: 0, y: 0, z: 0}
--- !u!1 &2062903516
GameObject:
  m_ObjectHideFlags: 0
  m_CorrespondingSourceObject: {fileID: 0}
  m_PrefabInstance: {fileID: 0}
  m_PrefabAsset: {fileID: 0}
  serializedVersion: 6
  m_Component:
  - component: {fileID: 2062903517}
  m_Layer: 0
  m_Name: Turret Mid
  m_TagString: Enemy
  m_Icon: {fileID: 0}
  m_NavMeshLayer: 0
  m_StaticEditorFlags: 0
  m_IsActive: 1
--- !u!4 &2062903517
Transform:
  m_ObjectHideFlags: 0
  m_CorrespondingSourceObject: {fileID: 0}
  m_PrefabInstance: {fileID: 0}
  m_PrefabAsset: {fileID: 0}
  m_GameObject: {fileID: 2062903516}
  m_LocalRotation: {x: -0, y: -0.70710576, z: -0, w: 0.70710784}
  m_LocalPosition: {x: -115.62921, y: 15.962563, z: -0.81762695}
  m_LocalScale: {x: 1, y: 1, z: 1}
  m_Children:
  - {fileID: 6411531197461846669}
  m_Father: {fileID: 1979456993}
  m_RootOrder: 2
  m_LocalEulerAnglesHint: {x: 0, y: 0, z: 0}
--- !u!1 &3400169540799398122
GameObject:
  m_ObjectHideFlags: 0
  m_CorrespondingSourceObject: {fileID: 0}
  m_PrefabInstance: {fileID: 0}
  m_PrefabAsset: {fileID: 0}
  serializedVersion: 6
  m_Component:
  - component: {fileID: 4372983170558894157}
  - component: {fileID: 8243388258485752086}
  m_Layer: 0
  m_Name: Enemy Ship Illuminator
  m_TagString: Enemy
  m_Icon: {fileID: 0}
  m_NavMeshLayer: 0
  m_StaticEditorFlags: 0
  m_IsActive: 1
--- !u!4 &4372983170558894157
Transform:
  m_ObjectHideFlags: 0
  m_CorrespondingSourceObject: {fileID: 0}
  m_PrefabInstance: {fileID: 0}
  m_PrefabAsset: {fileID: 0}
  m_GameObject: {fileID: 3400169540799398122}
  m_LocalRotation: {x: 0.94711894, y: -0, z: -0, w: 0.32088283}
  m_LocalPosition: {x: 0.45, y: 16.85, z: 14.34}
  m_LocalScale: {x: 1, y: 1, z: 1}
  m_Children: []
  m_Father: {fileID: 6877257056318846014}
  m_RootOrder: 0
  m_LocalEulerAnglesHint: {x: 142.567, y: 0, z: 0}
--- !u!108 &8243388258485752086
Light:
  m_ObjectHideFlags: 0
  m_CorrespondingSourceObject: {fileID: 0}
  m_PrefabInstance: {fileID: 0}
  m_PrefabAsset: {fileID: 0}
  m_GameObject: {fileID: 3400169540799398122}
  m_Enabled: 1
  serializedVersion: 10
  m_Type: 0
  m_Shape: 0
  m_Color: {r: 0.83137256, g: 0.23465635, b: 0.16862746, a: 1}
  m_Intensity: 100
  m_Range: 50
  m_SpotAngle: 82.4
  m_InnerSpotAngle: 21.80208
  m_CookieSize: 10
  m_Shadows:
    m_Type: 0
    m_Resolution: -1
    m_CustomResolution: -1
    m_Strength: 1
    m_Bias: 0.05
    m_NormalBias: 0.4
    m_NearPlane: 0.2
    m_CullingMatrixOverride:
      e00: 1
      e01: 0
      e02: 0
      e03: 0
      e10: 0
      e11: 1
      e12: 0
      e13: 0
      e20: 0
      e21: 0
      e22: 1
      e23: 0
      e30: 0
      e31: 0
      e32: 0
      e33: 1
    m_UseCullingMatrixOverride: 0
  m_Cookie: {fileID: 0}
  m_DrawHalo: 0
  m_Flare: {fileID: 0}
  m_RenderMode: 0
  m_CullingMask:
    serializedVersion: 2
    m_Bits: 4294967295
  m_RenderingLayerMask: 1
  m_Lightmapping: 4
  m_LightShadowCasterMode: 0
  m_AreaSize: {x: 1, y: 1}
  m_BounceIntensity: 100
  m_ColorTemperature: 6570
  m_UseColorTemperature: 0
  m_BoundingSphereOverride: {x: 0, y: 0, z: 0, w: 0}
  m_UseBoundingSphereOverride: 0
  m_ShadowRadius: 0
  m_ShadowAngle: 0
--- !u!1 &6877257056318846015
GameObject:
  m_ObjectHideFlags: 0
  m_CorrespondingSourceObject: {fileID: 0}
  m_PrefabInstance: {fileID: 0}
  m_PrefabAsset: {fileID: 0}
  serializedVersion: 6
  m_Component:
  - component: {fileID: 6877257056318846014}
  - component: {fileID: 5151790852059565642}
  - component: {fileID: 1638243854}
  - component: {fileID: 1635241965}
  m_Layer: 0
  m_Name: Oxar Freighter
  m_TagString: Enemy
  m_Icon: {fileID: 0}
  m_NavMeshLayer: 0
  m_StaticEditorFlags: 0
  m_IsActive: 1
--- !u!4 &6877257056318846014
Transform:
  m_ObjectHideFlags: 0
  m_CorrespondingSourceObject: {fileID: 0}
  m_PrefabInstance: {fileID: 0}
  m_PrefabAsset: {fileID: 0}
  m_GameObject: {fileID: 6877257056318846015}
  m_LocalRotation: {x: 0, y: 0, z: 0, w: 1}
  m_LocalPosition: {x: 488.19257, y: 55.10139, z: 446.9605}
  m_LocalScale: {x: 1, y: 1, z: 1}
  m_Children:
  - {fileID: 4372983170558894157}
  - {fileID: 6411531197715139880}
  - {fileID: 6872740242934643810}
  - {fileID: 6872740242208273475}
  - {fileID: 7621133683842036577}
  - {fileID: 1979456993}
  - {fileID: 6877257054931394985}
  m_Father: {fileID: 0}
  m_RootOrder: 0
  m_LocalEulerAnglesHint: {x: 0, y: 0, z: 0}
--- !u!82 &5151790852059565642
AudioSource:
  m_ObjectHideFlags: 0
  m_CorrespondingSourceObject: {fileID: 0}
  m_PrefabInstance: {fileID: 0}
  m_PrefabAsset: {fileID: 0}
  m_GameObject: {fileID: 6877257056318846015}
  m_Enabled: 1
  serializedVersion: 4
  OutputAudioMixerGroup: {fileID: 0}
  m_audioClip: {fileID: 8300000, guid: cbcd110d00cae9944b8eb4040973ad7c, type: 3}
  m_PlayOnAwake: 1
  m_Volume: 1
  m_Pitch: 1
  Loop: 1
  Mute: 0
  Spatialize: 0
  SpatializePostEffects: 0
  Priority: 78
  DopplerLevel: 1
  MinDistance: 1
  MaxDistance: 200
  Pan2D: 0
  rolloffMode: 2
  BypassEffects: 0
  BypassListenerEffects: 0
  BypassReverbZones: 0
  rolloffCustomCurve:
    serializedVersion: 2
    m_Curve:
    - serializedVersion: 3
      time: 0
      value: 0.13483047
      inSlope: 0
      outSlope: 0
      tangentMode: 0
      weightedMode: 0
      inWeight: 0.33333334
      outWeight: 0.33333334
    - serializedVersion: 3
      time: 0.5363312
      value: 0
      inSlope: 0
      outSlope: 0
      tangentMode: 0
      weightedMode: 0
      inWeight: 0.33333334
      outWeight: 0.33333334
    m_PreInfinity: 2
    m_PostInfinity: 2
    m_RotationOrder: 4
  panLevelCustomCurve:
    serializedVersion: 2
    m_Curve:
    - serializedVersion: 3
      time: 0
      value: 1
      inSlope: 0
      outSlope: 0
      tangentMode: 0
      weightedMode: 0
      inWeight: 0.33333334
      outWeight: 0.33333334
    m_PreInfinity: 2
    m_PostInfinity: 2
    m_RotationOrder: 4
  spreadCustomCurve:
    serializedVersion: 2
    m_Curve:
    - serializedVersion: 3
      time: 0
      value: 0
      inSlope: 0
      outSlope: 0
      tangentMode: 0
      weightedMode: 0
      inWeight: 0.33333334
      outWeight: 0.33333334
    m_PreInfinity: 2
    m_PostInfinity: 2
    m_RotationOrder: 4
  reverbZoneMixCustomCurve:
    serializedVersion: 2
    m_Curve:
    - serializedVersion: 3
      time: 0
      value: 0.91348267
      inSlope: 0
      outSlope: 0
      tangentMode: 0
      weightedMode: 0
      inWeight: 0.33333334
      outWeight: 0.33333334
    m_PreInfinity: 2
    m_PostInfinity: 2
    m_RotationOrder: 4
--- !u!114 &1638243854
MonoBehaviour:
  m_ObjectHideFlags: 0
  m_CorrespondingSourceObject: {fileID: 0}
  m_PrefabInstance: {fileID: 0}
  m_PrefabAsset: {fileID: 0}
  m_GameObject: {fileID: 6877257056318846015}
  m_Enabled: 1
  m_EditorHideFlags: 0
  m_Script: {fileID: 11500000, guid: 08bb2c96d4182d8468d38c1c13bca52d, type: 3}
  m_Name: 
  m_EditorClassIdentifier: 
  deathFX: {fileID: 5063762569913206417, guid: 25dc7b74f6619b641902fe2d19a5125e, type: 3}
  parent: {fileID: 0}
  scorePerHit: 0
  healthPoints: 1000
  scoreOnKill: 0
  hitBoxX: 20
  hitBoxY: 20
  hitBoxZ: 60
  offsetX: 0
  offsetY: -5
  offsetZ: -25
--- !u!95 &1635241965
Animator:
  serializedVersion: 3
  m_ObjectHideFlags: 0
  m_CorrespondingSourceObject: {fileID: 0}
  m_PrefabInstance: {fileID: 0}
  m_PrefabAsset: {fileID: 0}
  m_GameObject: {fileID: 6877257056318846015}
  m_Enabled: 1
  m_Avatar: {fileID: 0}
  m_Controller: {fileID: 0}
  m_CullingMode: 0
  m_UpdateMode: 0
  m_ApplyRootMotion: 0
  m_LinearVelocityBlending: 0
  m_WarningMessage: 
  m_HasTransformHierarchy: 1
  m_AllowConstantClipSamplingOptimization: 1
  m_KeepAnimatorControllerStateOnDisable: 0
--- !u!1001 &2100936418717247411
PrefabInstance:
  m_ObjectHideFlags: 0
  serializedVersion: 2
  m_Modification:
    m_TransformParent: {fileID: 6877257056318846014}
    m_Modifications:
    - target: {fileID: 4780828633930303002, guid: 85c8c5916d5e6c446abf9946864488fe,
        type: 3}
      propertyPath: m_LocalPosition.x
      value: 0.02
      objectReference: {fileID: 0}
    - target: {fileID: 4780828633930303002, guid: 85c8c5916d5e6c446abf9946864488fe,
        type: 3}
      propertyPath: m_LocalPosition.y
      value: -2.5
      objectReference: {fileID: 0}
    - target: {fileID: 4780828633930303002, guid: 85c8c5916d5e6c446abf9946864488fe,
        type: 3}
      propertyPath: m_LocalPosition.z
      value: 3.63
      objectReference: {fileID: 0}
    - target: {fileID: 4780828633930303002, guid: 85c8c5916d5e6c446abf9946864488fe,
        type: 3}
      propertyPath: m_LocalRotation.x
      value: -0
      objectReference: {fileID: 0}
    - target: {fileID: 4780828633930303002, guid: 85c8c5916d5e6c446abf9946864488fe,
        type: 3}
      propertyPath: m_LocalRotation.y
      value: -0
      objectReference: {fileID: 0}
    - target: {fileID: 4780828633930303002, guid: 85c8c5916d5e6c446abf9946864488fe,
        type: 3}
      propertyPath: m_LocalRotation.z
      value: -0
      objectReference: {fileID: 0}
    - target: {fileID: 4780828633930303002, guid: 85c8c5916d5e6c446abf9946864488fe,
        type: 3}
      propertyPath: m_LocalRotation.w
      value: 1
      objectReference: {fileID: 0}
    - target: {fileID: 4780828633930303002, guid: 85c8c5916d5e6c446abf9946864488fe,
        type: 3}
      propertyPath: m_RootOrder
      value: 6
      objectReference: {fileID: 0}
    - target: {fileID: 4780828633930303002, guid: 85c8c5916d5e6c446abf9946864488fe,
        type: 3}
      propertyPath: m_LocalEulerAnglesHint.x
      value: 0
      objectReference: {fileID: 0}
    - target: {fileID: 4780828633930303002, guid: 85c8c5916d5e6c446abf9946864488fe,
        type: 3}
      propertyPath: m_LocalEulerAnglesHint.y
      value: -90
      objectReference: {fileID: 0}
    - target: {fileID: 4780828633930303002, guid: 85c8c5916d5e6c446abf9946864488fe,
        type: 3}
      propertyPath: m_LocalEulerAnglesHint.z
      value: 0
      objectReference: {fileID: 0}
    - target: {fileID: 4780828633930303013, guid: 85c8c5916d5e6c446abf9946864488fe,
        type: 3}
      propertyPath: m_Name
      value: Omega Cannon
      objectReference: {fileID: 0}
    m_RemovedComponents: []
  m_SourcePrefab: {fileID: 100100000, guid: 85c8c5916d5e6c446abf9946864488fe, type: 3}
--- !u!4 &6877257054931394985 stripped
Transform:
  m_CorrespondingSourceObject: {fileID: 4780828633930303002, guid: 85c8c5916d5e6c446abf9946864488fe,
    type: 3}
  m_PrefabInstance: {fileID: 2100936418717247411}
  m_PrefabAsset: {fileID: 0}
--- !u!1001 &4282019701708558446
PrefabInstance:
  m_ObjectHideFlags: 0
  serializedVersion: 2
  m_Modification:
    m_TransformParent: {fileID: 6877257056318846014}
    m_Modifications:
    - target: {fileID: 5958119987678487311, guid: f2eb2aaf5150e414da532432f969bd8a,
        type: 3}
      propertyPath: m_LocalPosition.x
      value: 0.06
      objectReference: {fileID: 0}
    - target: {fileID: 5958119987678487311, guid: f2eb2aaf5150e414da532432f969bd8a,
        type: 3}
      propertyPath: m_LocalPosition.y
      value: -2.65
      objectReference: {fileID: 0}
    - target: {fileID: 5958119987678487311, guid: f2eb2aaf5150e414da532432f969bd8a,
        type: 3}
      propertyPath: m_LocalPosition.z
      value: 3.57
      objectReference: {fileID: 0}
    - target: {fileID: 5958119987678487311, guid: f2eb2aaf5150e414da532432f969bd8a,
        type: 3}
      propertyPath: m_LocalRotation.x
      value: -0
      objectReference: {fileID: 0}
    - target: {fileID: 5958119987678487311, guid: f2eb2aaf5150e414da532432f969bd8a,
        type: 3}
      propertyPath: m_LocalRotation.y
      value: -0
      objectReference: {fileID: 0}
    - target: {fileID: 5958119987678487311, guid: f2eb2aaf5150e414da532432f969bd8a,
        type: 3}
      propertyPath: m_LocalRotation.z
      value: -0
      objectReference: {fileID: 0}
    - target: {fileID: 5958119987678487311, guid: f2eb2aaf5150e414da532432f969bd8a,
        type: 3}
      propertyPath: m_LocalRotation.w
      value: 1
      objectReference: {fileID: 0}
    - target: {fileID: 5958119987678487311, guid: f2eb2aaf5150e414da532432f969bd8a,
        type: 3}
      propertyPath: m_RootOrder
      value: 4
      objectReference: {fileID: 0}
    - target: {fileID: 5958119987678487311, guid: f2eb2aaf5150e414da532432f969bd8a,
        type: 3}
      propertyPath: m_LocalEulerAnglesHint.x
      value: 0
      objectReference: {fileID: 0}
    - target: {fileID: 5958119987678487311, guid: f2eb2aaf5150e414da532432f969bd8a,
        type: 3}
      propertyPath: m_LocalEulerAnglesHint.y
      value: 0
      objectReference: {fileID: 0}
    - target: {fileID: 5958119987678487311, guid: f2eb2aaf5150e414da532432f969bd8a,
        type: 3}
      propertyPath: m_LocalEulerAnglesHint.z
      value: 0
      objectReference: {fileID: 0}
    - target: {fileID: 9028001726922947205, guid: f2eb2aaf5150e414da532432f969bd8a,
        type: 3}
      propertyPath: m_Name
      value: Ship Gem
      objectReference: {fileID: 0}
    - target: {fileID: 9028001726922947205, guid: f2eb2aaf5150e414da532432f969bd8a,
        type: 3}
      propertyPath: m_TagString
      value: Enemy
      objectReference: {fileID: 0}
    m_RemovedComponents: []
  m_SourcePrefab: {fileID: 100100000, guid: f2eb2aaf5150e414da532432f969bd8a, type: 3}
--- !u!4 &7621133683842036577 stripped
Transform:
  m_CorrespondingSourceObject: {fileID: 5958119987678487311, guid: f2eb2aaf5150e414da532432f969bd8a,
    type: 3}
  m_PrefabInstance: {fileID: 4282019701708558446}
  m_PrefabAsset: {fileID: 0}
--- !u!1001 &6877257054270688454
PrefabInstance:
  m_ObjectHideFlags: 0
  serializedVersion: 2
  m_Modification:
    m_TransformParent: {fileID: 260929051}
    m_Modifications:
    - target: {fileID: -8679921383154817045, guid: a1399712389b00249a3a601d6ff694fa,
        type: 3}
      propertyPath: m_LocalPosition.x
      value: -105.62921
      objectReference: {fileID: 0}
    - target: {fileID: -8679921383154817045, guid: a1399712389b00249a3a601d6ff694fa,
        type: 3}
      propertyPath: m_LocalPosition.y
      value: 13.462563
      objectReference: {fileID: 0}
    - target: {fileID: -8679921383154817045, guid: a1399712389b00249a3a601d6ff694fa,
        type: 3}
      propertyPath: m_LocalPosition.z
      value: 4.182373
      objectReference: {fileID: 0}
    - target: {fileID: -8679921383154817045, guid: a1399712389b00249a3a601d6ff694fa,
        type: 3}
      propertyPath: m_LocalRotation.x
      value: -0.49999928
      objectReference: {fileID: 0}
    - target: {fileID: -8679921383154817045, guid: a1399712389b00249a3a601d6ff694fa,
        type: 3}
      propertyPath: m_LocalRotation.y
      value: 0.49999928
      objectReference: {fileID: 0}
    - target: {fileID: -8679921383154817045, guid: a1399712389b00249a3a601d6ff694fa,
        type: 3}
      propertyPath: m_LocalRotation.z
      value: 0.5000007
      objectReference: {fileID: 0}
    - target: {fileID: -8679921383154817045, guid: a1399712389b00249a3a601d6ff694fa,
        type: 3}
      propertyPath: m_LocalRotation.w
      value: -0.5000007
      objectReference: {fileID: 0}
    - target: {fileID: -8679921383154817045, guid: a1399712389b00249a3a601d6ff694fa,
        type: 3}
      propertyPath: m_RootOrder
      value: 0
      objectReference: {fileID: 0}
    - target: {fileID: -8679921383154817045, guid: a1399712389b00249a3a601d6ff694fa,
        type: 3}
      propertyPath: m_LocalEulerAnglesHint.x
      value: 0
      objectReference: {fileID: 0}
    - target: {fileID: -8679921383154817045, guid: a1399712389b00249a3a601d6ff694fa,
        type: 3}
      propertyPath: m_LocalEulerAnglesHint.y
      value: 0
      objectReference: {fileID: 0}
    - target: {fileID: -8679921383154817045, guid: a1399712389b00249a3a601d6ff694fa,
        type: 3}
      propertyPath: m_LocalEulerAnglesHint.z
      value: 270
      objectReference: {fileID: 0}
    - target: {fileID: 919132149155446097, guid: a1399712389b00249a3a601d6ff694fa,
        type: 3}
      propertyPath: m_Name
      value: Auto Turrent - Base Right
      objectReference: {fileID: 0}
    - target: {fileID: 1006552374490496431, guid: a1399712389b00249a3a601d6ff694fa,
        type: 3}
      propertyPath: m_Materials.Array.data[0]
      value: 
      objectReference: {fileID: 2100000, guid: 01947df53c4dffb499f8cf296aea8558, type: 2}
    m_RemovedComponents: []
  m_SourcePrefab: {fileID: 100100000, guid: a1399712389b00249a3a601d6ff694fa, type: 3}
--- !u!4 &6411531199464336173 stripped
Transform:
  m_CorrespondingSourceObject: {fileID: -8679921383154817045, guid: a1399712389b00249a3a601d6ff694fa,
    type: 3}
  m_PrefabInstance: {fileID: 6877257054270688454}
  m_PrefabAsset: {fileID: 0}
--- !u!1001 &6877257055029378524
PrefabInstance:
  m_ObjectHideFlags: 0
  serializedVersion: 2
  m_Modification:
    m_TransformParent: {fileID: 1469323799}
    m_Modifications:
    - target: {fileID: -8679921383154817045, guid: faed30ef16f10a44599d169c5db163f1,
        type: 3}
      propertyPath: m_LocalPosition.x
      value: 0
      objectReference: {fileID: 0}
    - target: {fileID: -8679921383154817045, guid: faed30ef16f10a44599d169c5db163f1,
        type: 3}
      propertyPath: m_LocalPosition.y
      value: 2.56
      objectReference: {fileID: 0}
    - target: {fileID: -8679921383154817045, guid: faed30ef16f10a44599d169c5db163f1,
        type: 3}
      propertyPath: m_LocalPosition.z
      value: -0
      objectReference: {fileID: 0}
    - target: {fileID: -8679921383154817045, guid: faed30ef16f10a44599d169c5db163f1,
        type: 3}
      propertyPath: m_LocalRotation.x
      value: 0
      objectReference: {fileID: 0}
    - target: {fileID: -8679921383154817045, guid: faed30ef16f10a44599d169c5db163f1,
        type: 3}
      propertyPath: m_LocalRotation.y
      value: 0
      objectReference: {fileID: 0}
    - target: {fileID: -8679921383154817045, guid: faed30ef16f10a44599d169c5db163f1,
        type: 3}
      propertyPath: m_LocalRotation.z
      value: 0
      objectReference: {fileID: 0}
    - target: {fileID: -8679921383154817045, guid: faed30ef16f10a44599d169c5db163f1,
        type: 3}
      propertyPath: m_LocalRotation.w
      value: 1
      objectReference: {fileID: 0}
    - target: {fileID: -8679921383154817045, guid: faed30ef16f10a44599d169c5db163f1,
        type: 3}
      propertyPath: m_RootOrder
      value: 1
      objectReference: {fileID: 0}
    - target: {fileID: -8679921383154817045, guid: faed30ef16f10a44599d169c5db163f1,
        type: 3}
      propertyPath: m_LocalEulerAnglesHint.x
      value: 0
      objectReference: {fileID: 0}
    - target: {fileID: -8679921383154817045, guid: faed30ef16f10a44599d169c5db163f1,
        type: 3}
      propertyPath: m_LocalEulerAnglesHint.y
      value: 0
      objectReference: {fileID: 0}
    - target: {fileID: -8679921383154817045, guid: faed30ef16f10a44599d169c5db163f1,
        type: 3}
      propertyPath: m_LocalEulerAnglesHint.z
      value: 0
      objectReference: {fileID: 0}
    - target: {fileID: 919132149155446097, guid: faed30ef16f10a44599d169c5db163f1,
        type: 3}
      propertyPath: m_Name
      value: Auto Turret - Barrel left
      objectReference: {fileID: 0}
    - target: {fileID: 919132149155446097, guid: faed30ef16f10a44599d169c5db163f1,
        type: 3}
      propertyPath: m_TagString
      value: Enemy
      objectReference: {fileID: 0}
    - target: {fileID: 1006552374490496431, guid: faed30ef16f10a44599d169c5db163f1,
        type: 3}
      propertyPath: m_Materials.Array.data[0]
      value: 
      objectReference: {fileID: 2100000, guid: 01947df53c4dffb499f8cf296aea8558, type: 2}
    m_RemovedComponents: []
  m_SourcePrefab: {fileID: 100100000, guid: faed30ef16f10a44599d169c5db163f1, type: 3}
--- !u!4 &6411531198697200183 stripped
Transform:
  m_CorrespondingSourceObject: {fileID: -8679921383154817045, guid: faed30ef16f10a44599d169c5db163f1,
    type: 3}
  m_PrefabInstance: {fileID: 6877257055029378524}
  m_PrefabAsset: {fileID: 0}
--- !u!1001 &6877257055273282652
PrefabInstance:
  m_ObjectHideFlags: 0
  serializedVersion: 2
  m_Modification:
    m_TransformParent: {fileID: 6877257056318846014}
    m_Modifications:
    - target: {fileID: 1794955534813246, guid: 2ec641bcc452ff640b33d0f27cc022ed, type: 3}
      propertyPath: m_Name
      value: Jet Particles Top
      objectReference: {fileID: 0}
    - target: {fileID: 1794955534813246, guid: 2ec641bcc452ff640b33d0f27cc022ed, type: 3}
      propertyPath: m_TagString
      value: Enemy
      objectReference: {fileID: 0}
    - target: {fileID: 4516848212791358, guid: 2ec641bcc452ff640b33d0f27cc022ed, type: 3}
      propertyPath: m_LocalPosition.x
      value: 0.01
      objectReference: {fileID: 0}
    - target: {fileID: 4516848212791358, guid: 2ec641bcc452ff640b33d0f27cc022ed, type: 3}
      propertyPath: m_LocalPosition.y
      value: -0.03
      objectReference: {fileID: 0}
    - target: {fileID: 4516848212791358, guid: 2ec641bcc452ff640b33d0f27cc022ed, type: 3}
      propertyPath: m_LocalPosition.z
      value: -54.59
      objectReference: {fileID: 0}
    - target: {fileID: 4516848212791358, guid: 2ec641bcc452ff640b33d0f27cc022ed, type: 3}
      propertyPath: m_LocalRotation.x
      value: 0
      objectReference: {fileID: 0}
    - target: {fileID: 4516848212791358, guid: 2ec641bcc452ff640b33d0f27cc022ed, type: 3}
      propertyPath: m_LocalRotation.y
      value: 0
      objectReference: {fileID: 0}
    - target: {fileID: 4516848212791358, guid: 2ec641bcc452ff640b33d0f27cc022ed, type: 3}
      propertyPath: m_LocalRotation.z
      value: 0
      objectReference: {fileID: 0}
    - target: {fileID: 4516848212791358, guid: 2ec641bcc452ff640b33d0f27cc022ed, type: 3}
      propertyPath: m_LocalRotation.w
      value: 1
      objectReference: {fileID: 0}
    - target: {fileID: 4516848212791358, guid: 2ec641bcc452ff640b33d0f27cc022ed, type: 3}
      propertyPath: m_RootOrder
      value: 2
      objectReference: {fileID: 0}
    - target: {fileID: 4516848212791358, guid: 2ec641bcc452ff640b33d0f27cc022ed, type: 3}
      propertyPath: m_LocalEulerAnglesHint.x
      value: 0
      objectReference: {fileID: 0}
    - target: {fileID: 4516848212791358, guid: 2ec641bcc452ff640b33d0f27cc022ed, type: 3}
      propertyPath: m_LocalEulerAnglesHint.y
      value: 0
      objectReference: {fileID: 0}
    - target: {fileID: 4516848212791358, guid: 2ec641bcc452ff640b33d0f27cc022ed, type: 3}
      propertyPath: m_LocalEulerAnglesHint.z
      value: 0
      objectReference: {fileID: 0}
    - target: {fileID: 4516848212791358, guid: 2ec641bcc452ff640b33d0f27cc022ed, type: 3}
      propertyPath: m_LocalScale.x
      value: 1
      objectReference: {fileID: 0}
    - target: {fileID: 4516848212791358, guid: 2ec641bcc452ff640b33d0f27cc022ed, type: 3}
      propertyPath: m_LocalScale.y
      value: 1
      objectReference: {fileID: 0}
    - target: {fileID: 4516848212791358, guid: 2ec641bcc452ff640b33d0f27cc022ed, type: 3}
      propertyPath: m_LocalScale.z
      value: 1
      objectReference: {fileID: 0}
    - target: {fileID: 198778859941352642, guid: 2ec641bcc452ff640b33d0f27cc022ed,
        type: 3}
      propertyPath: InitialModule.startLifetime.minScalar
      value: 4
      objectReference: {fileID: 0}
    - target: {fileID: 198778859941352642, guid: 2ec641bcc452ff640b33d0f27cc022ed,
        type: 3}
      propertyPath: prewarm
      value: 0
      objectReference: {fileID: 0}
    - target: {fileID: 198778859941352642, guid: 2ec641bcc452ff640b33d0f27cc022ed,
        type: 3}
      propertyPath: InitialModule.startLifetime.scalar
      value: 6
      objectReference: {fileID: 0}
    - target: {fileID: 198778859941352642, guid: 2ec641bcc452ff640b33d0f27cc022ed,
        type: 3}
      propertyPath: EmissionModule.rateOverTime.scalar
      value: 50
      objectReference: {fileID: 0}
    - target: {fileID: 198778859941352642, guid: 2ec641bcc452ff640b33d0f27cc022ed,
        type: 3}
      propertyPath: InitialModule.startColor.maxColor.r
      value: 0.019607846
      objectReference: {fileID: 0}
    - target: {fileID: 198778859941352642, guid: 2ec641bcc452ff640b33d0f27cc022ed,
        type: 3}
      propertyPath: InitialModule.startColor.maxColor.g
      value: 0.04851524
      objectReference: {fileID: 0}
    - target: {fileID: 198778859941352642, guid: 2ec641bcc452ff640b33d0f27cc022ed,
        type: 3}
      propertyPath: InitialModule.startColor.maxColor.b
      value: 0.34509805
      objectReference: {fileID: 0}
    - target: {fileID: 198778859941352642, guid: 2ec641bcc452ff640b33d0f27cc022ed,
        type: 3}
      propertyPath: InitialModule.startSize.scalar
      value: 10
      objectReference: {fileID: 0}
    - target: {fileID: 199028214076611978, guid: 2ec641bcc452ff640b33d0f27cc022ed,
        type: 3}
      propertyPath: m_Materials.Array.size
      value: 1
      objectReference: {fileID: 0}
    m_RemovedComponents: []
  m_SourcePrefab: {fileID: 100100000, guid: 2ec641bcc452ff640b33d0f27cc022ed, type: 3}
--- !u!4 &6872740242934643810 stripped
Transform:
  m_CorrespondingSourceObject: {fileID: 4516848212791358, guid: 2ec641bcc452ff640b33d0f27cc022ed,
    type: 3}
  m_PrefabInstance: {fileID: 6877257055273282652}
  m_PrefabAsset: {fileID: 0}
--- !u!1001 &6877257055640298567
PrefabInstance:
  m_ObjectHideFlags: 0
  serializedVersion: 2
  m_Modification:
    m_TransformParent: {fileID: 1469323799}
    m_Modifications:
    - target: {fileID: -8679921383154817045, guid: a1399712389b00249a3a601d6ff694fa,
        type: 3}
      propertyPath: m_LocalPosition.x
      value: 0
      objectReference: {fileID: 0}
    - target: {fileID: -8679921383154817045, guid: a1399712389b00249a3a601d6ff694fa,
        type: 3}
      propertyPath: m_LocalPosition.y
      value: 0
      objectReference: {fileID: 0}
    - target: {fileID: -8679921383154817045, guid: a1399712389b00249a3a601d6ff694fa,
        type: 3}
      propertyPath: m_LocalPosition.z
      value: 0
      objectReference: {fileID: 0}
    - target: {fileID: -8679921383154817045, guid: a1399712389b00249a3a601d6ff694fa,
        type: 3}
      propertyPath: m_LocalRotation.x
      value: -0
      objectReference: {fileID: 0}
    - target: {fileID: -8679921383154817045, guid: a1399712389b00249a3a601d6ff694fa,
        type: 3}
      propertyPath: m_LocalRotation.y
      value: -0
      objectReference: {fileID: 0}
    - target: {fileID: -8679921383154817045, guid: a1399712389b00249a3a601d6ff694fa,
        type: 3}
      propertyPath: m_LocalRotation.z
      value: -0
      objectReference: {fileID: 0}
    - target: {fileID: -8679921383154817045, guid: a1399712389b00249a3a601d6ff694fa,
        type: 3}
      propertyPath: m_LocalRotation.w
      value: 1
      objectReference: {fileID: 0}
    - target: {fileID: -8679921383154817045, guid: a1399712389b00249a3a601d6ff694fa,
        type: 3}
      propertyPath: m_RootOrder
      value: 0
      objectReference: {fileID: 0}
    - target: {fileID: -8679921383154817045, guid: a1399712389b00249a3a601d6ff694fa,
        type: 3}
      propertyPath: m_LocalEulerAnglesHint.x
      value: 0
      objectReference: {fileID: 0}
    - target: {fileID: -8679921383154817045, guid: a1399712389b00249a3a601d6ff694fa,
        type: 3}
      propertyPath: m_LocalEulerAnglesHint.y
      value: 0
      objectReference: {fileID: 0}
    - target: {fileID: -8679921383154817045, guid: a1399712389b00249a3a601d6ff694fa,
        type: 3}
      propertyPath: m_LocalEulerAnglesHint.z
      value: 90
      objectReference: {fileID: 0}
    - target: {fileID: 919132149155446097, guid: a1399712389b00249a3a601d6ff694fa,
        type: 3}
      propertyPath: m_Name
      value: Auto Turrent - Base Left
      objectReference: {fileID: 0}
    - target: {fileID: 919132149155446097, guid: a1399712389b00249a3a601d6ff694fa,
        type: 3}
      propertyPath: m_TagString
      value: Enemy
      objectReference: {fileID: 0}
    - target: {fileID: 1006552374490496431, guid: a1399712389b00249a3a601d6ff694fa,
        type: 3}
      propertyPath: m_Materials.Array.data[0]
      value: 
      objectReference: {fileID: 2100000, guid: 01947df53c4dffb499f8cf296aea8558, type: 2}
    - target: {fileID: 2785048739272084784, guid: a1399712389b00249a3a601d6ff694fa,
        type: 3}
      propertyPath: m_TagString
      value: Enemy
      objectReference: {fileID: 0}
    m_RemovedComponents: []
  m_SourcePrefab: {fileID: 100100000, guid: a1399712389b00249a3a601d6ff694fa, type: 3}
--- !u!4 &6411531198094394284 stripped
Transform:
  m_CorrespondingSourceObject: {fileID: -8679921383154817045, guid: a1399712389b00249a3a601d6ff694fa,
    type: 3}
  m_PrefabInstance: {fileID: 6877257055640298567}
  m_PrefabAsset: {fileID: 0}
--- !u!1001 &6877257056011168451
PrefabInstance:
  m_ObjectHideFlags: 0
  serializedVersion: 2
  m_Modification:
    m_TransformParent: {fileID: 6877257056318846014}
    m_Modifications:
    - target: {fileID: -8679921383154817045, guid: 091882f6af9d6a5488e511861c142bdd,
        type: 3}
      propertyPath: m_LocalPosition.x
      value: -0.09
      objectReference: {fileID: 0}
    - target: {fileID: -8679921383154817045, guid: 091882f6af9d6a5488e511861c142bdd,
        type: 3}
      propertyPath: m_LocalPosition.y
      value: -4.09
      objectReference: {fileID: 0}
    - target: {fileID: -8679921383154817045, guid: 091882f6af9d6a5488e511861c142bdd,
        type: 3}
      propertyPath: m_LocalPosition.z
      value: -25.26
      objectReference: {fileID: 0}
    - target: {fileID: -8679921383154817045, guid: 091882f6af9d6a5488e511861c142bdd,
        type: 3}
      propertyPath: m_LocalRotation.x
      value: -0
      objectReference: {fileID: 0}
    - target: {fileID: -8679921383154817045, guid: 091882f6af9d6a5488e511861c142bdd,
        type: 3}
      propertyPath: m_LocalRotation.y
      value: -0
      objectReference: {fileID: 0}
    - target: {fileID: -8679921383154817045, guid: 091882f6af9d6a5488e511861c142bdd,
        type: 3}
      propertyPath: m_LocalRotation.z
      value: -0
      objectReference: {fileID: 0}
    - target: {fileID: -8679921383154817045, guid: 091882f6af9d6a5488e511861c142bdd,
        type: 3}
      propertyPath: m_LocalRotation.w
      value: 1
      objectReference: {fileID: 0}
    - target: {fileID: -8679921383154817045, guid: 091882f6af9d6a5488e511861c142bdd,
        type: 3}
      propertyPath: m_RootOrder
      value: 1
      objectReference: {fileID: 0}
    - target: {fileID: -8679921383154817045, guid: 091882f6af9d6a5488e511861c142bdd,
        type: 3}
      propertyPath: m_LocalEulerAnglesHint.x
      value: 0
      objectReference: {fileID: 0}
    - target: {fileID: -8679921383154817045, guid: 091882f6af9d6a5488e511861c142bdd,
        type: 3}
      propertyPath: m_LocalEulerAnglesHint.y
      value: 0
      objectReference: {fileID: 0}
    - target: {fileID: -8679921383154817045, guid: 091882f6af9d6a5488e511861c142bdd,
        type: 3}
      propertyPath: m_LocalEulerAnglesHint.z
      value: 0
      objectReference: {fileID: 0}
    - target: {fileID: 919132149155446097, guid: 091882f6af9d6a5488e511861c142bdd,
        type: 3}
      propertyPath: m_Name
      value: Oxar Freighter Body
      objectReference: {fileID: 0}
    - target: {fileID: 919132149155446097, guid: 091882f6af9d6a5488e511861c142bdd,
        type: 3}
      propertyPath: m_TagString
      value: Enemy
      objectReference: {fileID: 0}
    - target: {fileID: 1006552374490496431, guid: 091882f6af9d6a5488e511861c142bdd,
        type: 3}
      propertyPath: m_Materials.Array.data[0]
      value: 
      objectReference: {fileID: 2100000, guid: 74d917fdc93fa4346b2358747ca010cb, type: 2}
    - target: {fileID: 2785048739272084784, guid: 091882f6af9d6a5488e511861c142bdd,
        type: 3}
      propertyPath: m_TagString
      value: Enemy
      objectReference: {fileID: 0}
    m_RemovedComponents: []
  m_SourcePrefab: {fileID: 100100000, guid: 091882f6af9d6a5488e511861c142bdd, type: 3}
--- !u!4 &6411531197715139880 stripped
Transform:
  m_CorrespondingSourceObject: {fileID: -8679921383154817045, guid: 091882f6af9d6a5488e511861c142bdd,
    type: 3}
  m_PrefabInstance: {fileID: 6877257056011168451}
  m_PrefabAsset: {fileID: 0}
--- !u!1001 &6877257056057910397
PrefabInstance:
  m_ObjectHideFlags: 0
  serializedVersion: 2
  m_Modification:
    m_TransformParent: {fileID: 6877257056318846014}
    m_Modifications:
    - target: {fileID: 1794955534813246, guid: 2ec641bcc452ff640b33d0f27cc022ed, type: 3}
      propertyPath: m_Name
      value: Jet Particles Bottom
      objectReference: {fileID: 0}
    - target: {fileID: 1794955534813246, guid: 2ec641bcc452ff640b33d0f27cc022ed, type: 3}
      propertyPath: m_TagString
      value: Enemy
      objectReference: {fileID: 0}
    - target: {fileID: 4516848212791358, guid: 2ec641bcc452ff640b33d0f27cc022ed, type: 3}
      propertyPath: m_LocalPosition.x
      value: 0.01
      objectReference: {fileID: 0}
    - target: {fileID: 4516848212791358, guid: 2ec641bcc452ff640b33d0f27cc022ed, type: 3}
      propertyPath: m_LocalPosition.y
      value: -8.34
      objectReference: {fileID: 0}
    - target: {fileID: 4516848212791358, guid: 2ec641bcc452ff640b33d0f27cc022ed, type: 3}
      propertyPath: m_LocalPosition.z
      value: -54.2
      objectReference: {fileID: 0}
    - target: {fileID: 4516848212791358, guid: 2ec641bcc452ff640b33d0f27cc022ed, type: 3}
      propertyPath: m_LocalRotation.x
      value: 0
      objectReference: {fileID: 0}
    - target: {fileID: 4516848212791358, guid: 2ec641bcc452ff640b33d0f27cc022ed, type: 3}
      propertyPath: m_LocalRotation.y
      value: 0
      objectReference: {fileID: 0}
    - target: {fileID: 4516848212791358, guid: 2ec641bcc452ff640b33d0f27cc022ed, type: 3}
      propertyPath: m_LocalRotation.z
      value: 0
      objectReference: {fileID: 0}
    - target: {fileID: 4516848212791358, guid: 2ec641bcc452ff640b33d0f27cc022ed, type: 3}
      propertyPath: m_LocalRotation.w
      value: 1
      objectReference: {fileID: 0}
    - target: {fileID: 4516848212791358, guid: 2ec641bcc452ff640b33d0f27cc022ed, type: 3}
      propertyPath: m_RootOrder
      value: 3
      objectReference: {fileID: 0}
    - target: {fileID: 4516848212791358, guid: 2ec641bcc452ff640b33d0f27cc022ed, type: 3}
      propertyPath: m_LocalEulerAnglesHint.x
      value: 0
      objectReference: {fileID: 0}
    - target: {fileID: 4516848212791358, guid: 2ec641bcc452ff640b33d0f27cc022ed, type: 3}
      propertyPath: m_LocalEulerAnglesHint.y
      value: 0
      objectReference: {fileID: 0}
    - target: {fileID: 4516848212791358, guid: 2ec641bcc452ff640b33d0f27cc022ed, type: 3}
      propertyPath: m_LocalEulerAnglesHint.z
      value: 0
      objectReference: {fileID: 0}
    - target: {fileID: 4516848212791358, guid: 2ec641bcc452ff640b33d0f27cc022ed, type: 3}
      propertyPath: m_LocalScale.x
      value: 1
      objectReference: {fileID: 0}
    - target: {fileID: 4516848212791358, guid: 2ec641bcc452ff640b33d0f27cc022ed, type: 3}
      propertyPath: m_LocalScale.y
      value: 1
      objectReference: {fileID: 0}
    - target: {fileID: 4516848212791358, guid: 2ec641bcc452ff640b33d0f27cc022ed, type: 3}
      propertyPath: m_LocalScale.z
      value: 1
      objectReference: {fileID: 0}
    - target: {fileID: 198778859941352642, guid: 2ec641bcc452ff640b33d0f27cc022ed,
        type: 3}
      propertyPath: InitialModule.startLifetime.minScalar
      value: 1
      objectReference: {fileID: 0}
    - target: {fileID: 198778859941352642, guid: 2ec641bcc452ff640b33d0f27cc022ed,
        type: 3}
      propertyPath: prewarm
      value: 0
      objectReference: {fileID: 0}
    - target: {fileID: 198778859941352642, guid: 2ec641bcc452ff640b33d0f27cc022ed,
        type: 3}
      propertyPath: InitialModule.startLifetime.scalar
      value: 8
      objectReference: {fileID: 0}
    - target: {fileID: 198778859941352642, guid: 2ec641bcc452ff640b33d0f27cc022ed,
        type: 3}
      propertyPath: EmissionModule.rateOverTime.scalar
      value: 50
      objectReference: {fileID: 0}
    - target: {fileID: 199028214076611978, guid: 2ec641bcc452ff640b33d0f27cc022ed,
        type: 3}
      propertyPath: m_Materials.Array.size
      value: 1
      objectReference: {fileID: 0}
    m_RemovedComponents: []
  m_SourcePrefab: {fileID: 100100000, guid: 2ec641bcc452ff640b33d0f27cc022ed, type: 3}
--- !u!4 &6872740242208273475 stripped
Transform:
  m_CorrespondingSourceObject: {fileID: 4516848212791358, guid: 2ec641bcc452ff640b33d0f27cc022ed,
    type: 3}
  m_PrefabInstance: {fileID: 6877257056057910397}
  m_PrefabAsset: {fileID: 0}
--- !u!1001 &6877257056193928136
PrefabInstance:
  m_ObjectHideFlags: 0
  serializedVersion: 2
  m_Modification:
    m_TransformParent: {fileID: 260929051}
    m_Modifications:
    - target: {fileID: -8679921383154817045, guid: faed30ef16f10a44599d169c5db163f1,
        type: 3}
      propertyPath: m_LocalPosition.x
      value: -105.62921
      objectReference: {fileID: 0}
    - target: {fileID: -8679921383154817045, guid: faed30ef16f10a44599d169c5db163f1,
        type: 3}
      propertyPath: m_LocalPosition.y
      value: 13.462563
      objectReference: {fileID: 0}
    - target: {fileID: -8679921383154817045, guid: faed30ef16f10a44599d169c5db163f1,
        type: 3}
      propertyPath: m_LocalPosition.z
      value: 6.682373
      objectReference: {fileID: 0}
    - target: {fileID: -8679921383154817045, guid: faed30ef16f10a44599d169c5db163f1,
        type: 3}
      propertyPath: m_LocalRotation.x
      value: -0.49999928
      objectReference: {fileID: 0}
    - target: {fileID: -8679921383154817045, guid: faed30ef16f10a44599d169c5db163f1,
        type: 3}
      propertyPath: m_LocalRotation.y
      value: 0.49999928
      objectReference: {fileID: 0}
    - target: {fileID: -8679921383154817045, guid: faed30ef16f10a44599d169c5db163f1,
        type: 3}
      propertyPath: m_LocalRotation.z
      value: 0.5000007
      objectReference: {fileID: 0}
    - target: {fileID: -8679921383154817045, guid: faed30ef16f10a44599d169c5db163f1,
        type: 3}
      propertyPath: m_LocalRotation.w
      value: -0.5000007
      objectReference: {fileID: 0}
    - target: {fileID: -8679921383154817045, guid: faed30ef16f10a44599d169c5db163f1,
        type: 3}
      propertyPath: m_RootOrder
      value: 1
      objectReference: {fileID: 0}
    - target: {fileID: -8679921383154817045, guid: faed30ef16f10a44599d169c5db163f1,
        type: 3}
      propertyPath: m_LocalEulerAnglesHint.x
      value: 0
      objectReference: {fileID: 0}
    - target: {fileID: -8679921383154817045, guid: faed30ef16f10a44599d169c5db163f1,
        type: 3}
      propertyPath: m_LocalEulerAnglesHint.y
      value: 0
      objectReference: {fileID: 0}
    - target: {fileID: -8679921383154817045, guid: faed30ef16f10a44599d169c5db163f1,
        type: 3}
      propertyPath: m_LocalEulerAnglesHint.z
      value: 270
      objectReference: {fileID: 0}
    - target: {fileID: 919132149155446097, guid: faed30ef16f10a44599d169c5db163f1,
        type: 3}
      propertyPath: m_Name
      value: Auto Turret - Barrel Right
      objectReference: {fileID: 0}
    - target: {fileID: 1006552374490496431, guid: faed30ef16f10a44599d169c5db163f1,
        type: 3}
      propertyPath: m_Materials.Array.data[0]
      value: 
      objectReference: {fileID: 2100000, guid: 01947df53c4dffb499f8cf296aea8558, type: 2}
    m_RemovedComponents: []
  m_SourcePrefab: {fileID: 100100000, guid: faed30ef16f10a44599d169c5db163f1, type: 3}
--- !u!4 &6411531197574396963 stripped
Transform:
  m_CorrespondingSourceObject: {fileID: -8679921383154817045, guid: faed30ef16f10a44599d169c5db163f1,
    type: 3}
  m_PrefabInstance: {fileID: 6877257056193928136}
  m_PrefabAsset: {fileID: 0}
--- !u!1001 &6877257056298024294
PrefabInstance:
  m_ObjectHideFlags: 0
  serializedVersion: 2
  m_Modification:
    m_TransformParent: {fileID: 2062903517}
    m_Modifications:
    - target: {fileID: -8679921383154817045, guid: faed30ef16f10a44599d169c5db163f1,
        type: 3}
      propertyPath: m_LocalPosition.x
      value: 0
      objectReference: {fileID: 0}
    - target: {fileID: -8679921383154817045, guid: faed30ef16f10a44599d169c5db163f1,
        type: 3}
      propertyPath: m_LocalPosition.y
      value: 0
      objectReference: {fileID: 0}
    - target: {fileID: -8679921383154817045, guid: faed30ef16f10a44599d169c5db163f1,
        type: 3}
      propertyPath: m_LocalPosition.z
      value: 0
      objectReference: {fileID: 0}
    - target: {fileID: -8679921383154817045, guid: faed30ef16f10a44599d169c5db163f1,
        type: 3}
      propertyPath: m_LocalRotation.x
      value: -0
      objectReference: {fileID: 0}
    - target: {fileID: -8679921383154817045, guid: faed30ef16f10a44599d169c5db163f1,
        type: 3}
      propertyPath: m_LocalRotation.y
      value: -0
      objectReference: {fileID: 0}
    - target: {fileID: -8679921383154817045, guid: faed30ef16f10a44599d169c5db163f1,
        type: 3}
      propertyPath: m_LocalRotation.z
      value: -0
      objectReference: {fileID: 0}
    - target: {fileID: -8679921383154817045, guid: faed30ef16f10a44599d169c5db163f1,
        type: 3}
      propertyPath: m_LocalRotation.w
      value: 1
      objectReference: {fileID: 0}
    - target: {fileID: -8679921383154817045, guid: faed30ef16f10a44599d169c5db163f1,
        type: 3}
      propertyPath: m_RootOrder
      value: 0
      objectReference: {fileID: 0}
    - target: {fileID: -8679921383154817045, guid: faed30ef16f10a44599d169c5db163f1,
        type: 3}
      propertyPath: m_LocalEulerAnglesHint.x
      value: 0
      objectReference: {fileID: 0}
    - target: {fileID: -8679921383154817045, guid: faed30ef16f10a44599d169c5db163f1,
        type: 3}
      propertyPath: m_LocalEulerAnglesHint.y
      value: -90
      objectReference: {fileID: 0}
    - target: {fileID: -8679921383154817045, guid: faed30ef16f10a44599d169c5db163f1,
        type: 3}
      propertyPath: m_LocalEulerAnglesHint.z
      value: 0
      objectReference: {fileID: 0}
    - target: {fileID: 919132149155446097, guid: faed30ef16f10a44599d169c5db163f1,
        type: 3}
      propertyPath: m_Name
      value: Auto Turret - Barrel Mid
      objectReference: {fileID: 0}
    - target: {fileID: 1006552374490496431, guid: faed30ef16f10a44599d169c5db163f1,
        type: 3}
      propertyPath: m_Materials.Array.data[0]
      value: 
      objectReference: {fileID: 2100000, guid: 01947df53c4dffb499f8cf296aea8558, type: 2}
    m_RemovedComponents: []
  m_SourcePrefab: {fileID: 100100000, guid: faed30ef16f10a44599d169c5db163f1, type: 3}
--- !u!4 &6411531197461846669 stripped
Transform:
  m_CorrespondingSourceObject: {fileID: -8679921383154817045, guid: faed30ef16f10a44599d169c5db163f1,
    type: 3}
  m_PrefabInstance: {fileID: 6877257056298024294}
  m_PrefabAsset: {fileID: 0}
